@inproceedings{ClarkeSWH00,
  author    = {Ian Clarke and
               Oskar Sandberg and
               Brandon Wiley and
               Theodore W. Hong},
  title     = {Freenet: A Distributed Anonymous Information Storage and
               Retrieval System},
  booktitle = {Workshop on Design Issues in Anonymity and Unobservability},
  year      = {2000},
  pages     = {46-66},
  ee        = {http://dx.doi.org/10.1007/3-540-44702-4_4},
  crossref  = {DBLP:conf/diau/2000},
  bibsource = {DBLP, http://dblp.uni-trier.de}
}
@proceedings{DBLP:conf/diau/2000,
  editor    = {Hannes Federrath},
  title     = {Designing Privacy Enhancing Technologies, International
               Workshop on Design Issues in Anonymity and Unobservability,
               Berkeley, CA, USA, July 25-26, 2000, Proceedings},
  booktitle = {International Workshop on Design Issues in Anonymity and
               Unobservability},
  publisher = {Springer},
  series    = {Lecture Notes in Computer Science},
  volume    = {2009},
  year      = {2001},
  isbn      = {3-540-41724-9},
  bibsource = {DBLP, http://dblp.uni-trier.de}
}

@inproceedings{BennettGHP02,
  author    = {Krista Bennett and
               Christian Grothoff and
               Tzvetan Horozov and
               Ioana Patrascu},
  title     = {Efficient Sharing of Encrypted Data},
  booktitle = {ACISP},
  year      = {2002},
  pages     = {107-120},
  ee        = {http://dx.doi.org/10.1007/3-540-45450-0_8},
  crossref  = {DBLP:conf/acisp/2002},
  bibsource = {DBLP, http://dblp.uni-trier.de}
}
@proceedings{DBLP:conf/acisp/2002,
  editor    = {Lynn Margaret Batten and
               Jennifer Seberry},
  title     = {Information Security and Privacy, 7th Australian Conference,
               ACISP 2002, Melbourne, Australia, July 3-5, 2002, Proceedings},
  booktitle = {ACISP},
  publisher = {Springer},
  series    = {Lecture Notes in Computer Science},
  volume    = {2384},
  year      = {2002},
  isbn      = {3-540-43861-0},
  bibsource = {DBLP, http://dblp.uni-trier.de}
}

@inproceedings{DBLP:conf/usenix/ProvosM99,
  author    = {Niels Provos and
               David Mazi{\`e}res},
  title     = {A Future-Adaptable Password Scheme},
  booktitle = {USENIX Annual Technical Conference, FREENIX Track},
  year      = {1999},
  pages     = {81-91},
  ee        = {http://www.usenix.org/events/usenix99/provos.html},
  crossref  = {DBLP:conf/usenix/1999f},
  bibsource = {DBLP, http://dblp.uni-trier.de}
}
@proceedings{DBLP:conf/usenix/1999f,
  title     = {Proceedings of the FREENIX Track: 1999 USENIX Annual Technical
               Conference, June 6-11, 1999, Monterey, California, USA},
  booktitle = {USENIX Annual Technical Conference, FREENIX Track},
  publisher = {USENIX},
  year      = {1999},
  isbn      = {1-880446-32-4},
  bibsource = {DBLP, http://dblp.uni-trier.de}
}

@inproceedings{AbbasPES09,
  author    = {S. M. A. Abbas and
               Johan A. Pouwelse and
               Dick H. J. Epema and
               Henk J. Sips},
  title     = {A Gossip-Based Distributed Social Networking System},
  booktitle = {WETICE},
  year      = {2009},
  pages     = {93-98},
  ee        = {http://dx.doi.org/10.1109/WETICE.2009.30},
  crossref  = {DBLP:conf/wetice/2009},
  bibsource = {DBLP, http://dblp.uni-trier.de}
}
@proceedings{DBLP:conf/wetice/2009,
  editor    = {Sumitra Reddy},
  title     = {18th IEEE International Workshops on Enabling Technologies:
               Infrastructures for Collaborative Enterprises, WETICE 2009,
               Groningen, The Netherlands, 29 June - 1 July 2009, Proceedings},
  booktitle = {WETICE},
  publisher = {IEEE Computer Society},
  year      = {2009},
  bibsource = {DBLP, http://dblp.uni-trier.de}
}

@misc{rfc2898,
  author="B. Kaliski",
  title="{PKCS \#5: Password-Based Cryptography Specification Version 2.0}",
  series="Request for Comments",
  number="2898",
  howpublished="RFC 2898 (Informational)",
  publisher="IETF",
  organization="Internet Engineering Task Force",
  year=2000,
  month=sep,
    url="http://www.ietf.org/rfc/rfc2898.txt",
}

@misc{iso27002,
  author="{International Electrotechnical Commission}",
  title="{ISO/IEC 27002:2005. Information technology -- Security techniques -- Code of practice for information security management}",
  publisher="International Organization for Standardization",
  organization="International Organization for Standardization",
  year=2005
}

@inproceedings{FordK00,
  author    = {Warwick Ford and
               Kaliski Jr., B.S.},
  title     = {Server-Assisted Generation of a Strong Secret from a Password},
  booktitle = {WET ICE},
  year      = {2000},
  pages     = {176-180},
  ee        = {http://computer.org/proceedings/wetice/0798/07980176abs.htm},
  crossref  = {DBLP:conf/wetice/2000},
  bibsource = {DBLP, http://dblp.uni-trier.de}
}
@proceedings{DBLP:conf/wetice/2000,
  title     = {9th IEEE International Workshops on Enabling Technologies:
               Infrastructure for Collaborative Enterprises (WETICE 2000),
               4-16 June 2000, Gaithersburg, MD, USA},
  publisher = {IEEE Computer Society},
  year      = {2000},
  isbn      = {0-7695-0798-0},
  bibsource = {DBLP, http://dblp.uni-trier.de}
}


@inproceedings{FrykholmJ01,
  author    = {Niklas Frykholm and
               Ari Juels},
  title     = {Error-tolerant password recovery},
  booktitle = {CCS},
  year      = {2001},
  pages     = {1-9},
  ee        = {http://doi.acm.org/10.1145/501983.501985},
  crossref  = {DBLP:conf/ccs/2001},
  bibsource = {DBLP, http://dblp.uni-trier.de}
}
@proceedings{DBLP:conf/ccs/2001,
  title     = {CCS 2001, Proceedings of the 8th ACM Conference on Computer
               and Communications Security, Philadelphia, Pennsylvania,
               USA, November 6-8, 2001},
  booktitle = {ACM Conference on Computer and Communications Security},
  publisher = {ACM},
  year      = {2001},
  isbn      = {1-58113-385-5},
  ee        = {http://dl.acm.org/citation.cfm?id=501983},
  bibsource = {DBLP, http://dblp.uni-trier.de}
}


@article{BortnikovGKKS09,
  author    = {Edward Bortnikov and
               Maxim Gurevich and
               Idit Keidar and
               Gabriel Kliot and
               Alexander Shraer},
  title     = {Brahms: Byzantine resilient random membership sampling},
  journal   = {Computer Networks},
  volume    = {53},
  number    = {13},
  year      = {2009},
  pages     = {2340-2359},
  ee        = {http://dx.doi.org/10.1016/j.comnet.2009.03.008},
  bibsource = {DBLP, http://dblp.uni-trier.de}
}

@inproceedings{RzadcaDB10,
  author    = {Krzysztof Rzadca and
               Anwitaman Datta and
               Sonja Buchegger},
  title     = {Replica Placement in {P2P} Storage: Complexity and Game
               Theoretic Analyses},
  booktitle = {ICDCS},
  year      = {2010},
  pages     = {599-609},
  ee        = {http://doi.ieeecomputersociety.org/10.1109/ICDCS.2010.67},
  crossref  = {DBLP:conf/icdcs/2010},
  bibsource = {DBLP, http://dblp.uni-trier.de}
}
@proceedings{DBLP:conf/icdcs/2010,
  title     = {2010 International Conference on Distributed Computing Systems,
               ICDCS 2010, Genova, Italy, June 21-25, 2010},
  booktitle = {ICDCS},
  publisher = {IEEE Computer Society},
  year      = {2010},
  isbn      = {978-0-7695-4059-7},
  bibsource = {DBLP, http://dblp.uni-trier.de}
}

@inproceedings{JimenezOK11,
  author    = {Ra{\'u}l Jim{\'e}nez and
               Flutra Osmani and
               Bj{\"o}rn Knutsson},
  title     = {Sub-second lookups on a large-scale {Kademlia-based} overlay},
  booktitle = {P2P},
  year      = {2011},
  pages     = {82-91},
  ee        = {http://dx.doi.org/10.1109/P2P.2011.6038665},
  crossref  = {DBLP:conf/p2p/2011},
  bibsource = {DBLP, http://dblp.uni-trier.de}
}
@proceedings{DBLP:conf/p2p/2011,
  title     = {2011 IEEE International Conference on Peer-to-Peer Computing,
               P2P 2011, Kyoto, Japan, August 31 - September 2, 2011},
  booktitle = {P2P},
  publisher = {IEEE Computer Society},
  year      = {2011},
  isbn      = {978-1-4577-0150-4},
  ee        = {http://ieeexplore.ieee.org/xpl/mostRecentIssue.jsp?punumber=6030112},
  bibsource = {DBLP, http://dblp.uni-trier.de}
}

@article{UrdanetaPS11,
  author    = {Guido Urdaneta and
               Guillaume Pierre and
               Maarten van Steen},
  title     = {A survey of {DHT} security techniques},
  journal   = {ACM Computing Surveys},
  publisher = {ACM},
  volume    = {43},
  number    = {2},
  year      = {2011},
  pages     = {8},
  ee        = {http://doi.acm.org/10.1145/1883612.1883615},
  bibsource = {DBLP, http://dblp.uni-trier.de}
}

@inproceedings{Douceur02,
  author    = {John R. Douceur},
  title     = {The {Sybil} Attack},
  booktitle = {IPTPS},
  year      = {2002},
  pages     = {251-260},
  ee        = {http://dx.doi.org/10.1007/3-540-45748-8_24},
  crossref  = {DBLP:conf/iptps/2002},
  bibsource = {DBLP, http://dblp.uni-trier.de}
}
@proceedings{DBLP:conf/iptps/2002,
  title     = {Peer-to-Peer Systems, First International Workshop, IPTPS
               2002, Cambridge, MA, USA, March 7-8, 2002, Revised Papers},
  booktitle = {IPTPS},
  publisher = {Springer},
  volume    = {2429},
  year      = {2002},
  isbn      = {3-540-44179-4},
  bibsource = {DBLP, http://dblp.uni-trier.de}
}

@article{AbererDH04,
  author    = {Karl Aberer and
               Anwitaman Datta and
               Manfred Hauswirth},
  title     = {Efficient, Self-Contained Handling of Identity in Peer-to-Peer
               Systems},
  journal   = {IEEE Transactions on Knowledge and Data Engineering},
  publisher	= {IEEE},
  volume    = {16},
  number    = {7},
  year      = {2004},
  pages     = {858-869},
  ee        = {http://doi.ieeecomputersociety.org/10.1109/TKDE.2004.1318567},
  bibsource = {DBLP, http://dblp.uni-trier.de}
}

@inproceedings{CoxMN02,
  author    = {Cox, Landon P. and
               Murray, Christopher D. and
               Noble, Brian D.},
  title     = {Pastiche: Making Backup Cheap and Easy},
  booktitle = {OSDI},
  year      = {2002},
  ee        = {http://www.usenix.org/events/osdi02/tech/cox.html},
  crossref  = {DBLP:conf/osdi/2002},
  bibsource = {DBLP, http://dblp.uni-trier.de}
}

@proceedings{DBLP:conf/osdi/2002,
  title     = {5th Symposium on Operating System Design and Implementation
               (OSDI 2002), December 9-11, 2002, Boston, Massachusetts, USA.
               USENIX Association},
  booktitle = {OSDI},
  publisher = {USENIX Association},
  year      = {2002},
  bibsource = {DBLP, http://dblp.uni-trier.de}
}

@inproceedings{LillibridgeEBBI03,
  author    = {Mark Lillibridge and
               Sameh Elnikety and
               Andrew Birrell and
               Michael Burrows and
               Michael Isard},
  title     = {A Cooperative Internet Backup Scheme},
  booktitle = {USENIX},
  year      = {2003},
  pages     = {29-41},
  ee        = {http://www.usenix.org/events/usenix03/tech/lillibridge.html},
  crossref  = {DBLP:conf/usenix/2003g},
  bibsource = {DBLP, http://dblp.uni-trier.de}
}
@proceedings{DBLP:conf/usenix/2003g,
  title     = {Proceedings of the General Track: 2003 USENIX Annual Technical
               Conference, June 9-14, 2003, San Antonio, Texas, USA},
  booktitle = {USENIX Annual Technical Conference, General Track},
  publisher = {USENIX},
  year      = {2003},
  isbn      = {1-931971-10-2},
  bibsource = {DBLP, http://dblp.uni-trier.de}
}

@inproceedings{Vu_Aberer_Buchegger_Datta_2009,
  author    = {Le-Hung Vu and
               Karl Aberer and
               Sonja Buchegger and
               Anwitaman Datta},
  title     = {Enabling Secure Secret Sharing in Distributed Online Social
               Networks},
  booktitle = {ACSAC},
  year      = {2009},
  pages     = {419-428},
  ee        = {http://doi.ieeecomputersociety.org/10.1109/ACSAC.2009.46},
  crossref  = {DBLP:conf/acsac/2009},
  bibsource = {DBLP, http://dblp.uni-trier.de}
}
@proceedings{DBLP:conf/acsac/2009,
  title     = {Twenty-Fifth Annual Computer Security Applications Conference,
               ACSAC 2009, Honolulu, Hawaii, 7-11 December 2009},
  booktitle = {ACSAC},
  publisher = {IEEE Computer Society},
  year      = {2009},
  isbn      = {978-0-7695-3919-5},
  bibsource = {DBLP, http://dblp.uni-trier.de}
}

@inproceedings{Grolimund_Meisser_Schmid_Wattenhofer_2006,
  author    = {Dominik Grolimund and
               Luzius Meisser and
               Stefan Schmid and
               Roger Wattenhofer},
  title     = {Cryptree: A Folder Tree Structure for Cryptographic File
               Systems},
  booktitle = {SRDS},
  year      = {2006},
  pages     = {189-198},
  ee        = {http://doi.ieeecomputersociety.org/10.1109/SRDS.2006.15},
  crossref  = {DBLP:conf/srds/2006},
  bibsource = {DBLP, http://dblp.uni-trier.de}
}
@proceedings{DBLP:conf/srds/2006,
  title     = {25th IEEE Symposium on Reliable Distributed Systems (SRDS
               2006),2-4 October 2006, Leeds, UK},
  booktitle = {SRDS},
  publisher = {IEEE Computer Society},
  year      = {2006},
  isbn      = {0-7695-2677-2},
  bibsource = {DBLP, http://dblp.uni-trier.de}
}

@article{JelasityVGKS07,
  author    = {M{\'a}rk Jelasity and
               Spyros Voulgaris and
               Rachid Guerraoui and
               Anne-Marie Kermarrec and
               Maarten van Steen},
  title     = {Gossip-based peer sampling},
  journal   = {ACM Computing Surveys},
  publisher = {ACM},
  volume    = {25},
  number    = {3},
  year      = {2007},
  ee        = {http://doi.acm.org/10.1145/1275517.1275520},
  bibsource = {DBLP, http://dblp.uni-trier.de}
}

@inproceedings{WehrleGR05,
  author    = {Klaus Wehrle and
               Stefan G{\"o}tz and
               Simon Rieche},
  title     = {Distributed Hash Tables},
  booktitle = {Peer-to-Peer Systems and Applications},
  year      = {2005},
  pages     = {79-93},
  ee        = {http://dx.doi.org/10.1007/11530657_7},
  crossref  = {DBLP:conf/p2p/2005lncs},
  bibsource = {DBLP, http://dblp.uni-trier.de}
}
@proceedings{DBLP:conf/p2p/2005lncs,
  title     = {Peer-to-Peer Systems and Applications},
  booktitle = {Peer-to-Peer Systems and Applications},
  publisher = {Springer},
  volume    = {3485},
  year      = {2005},
  isbn      = {3-540-29192-X},
  bibsource = {DBLP, http://dblp.uni-trier.de}
}

@inproceedings{RheaEGWZK03,
  author    = {Sean C. Rhea and
               Patrick R. Eaton and
               Dennis Geels and
               Hakim Weatherspoon and
               Ben Y. Zhao and
               John Kubiatowicz},
  title     = {Pond: The {OceanStore} Prototype},
  booktitle = {FAST},
  year      = {2003},
  ee        = {http://www.usenix.org/events/fast03/tech/rhea.html},
  crossref  = {DBLP:conf/fast/2003},
  bibsource = {DBLP, http://dblp.uni-trier.de}
}
@proceedings{DBLP:conf/fast/2003,
  title     = {Proceedings of the FAST '03 Conference on File and Storage
               Technologies, March 31 - April 2, 2003, Cathedral Hill Hotel,
               San Francisco, California, USA},
  booktitle = {FAST},
  publisher = {USENIX},
  year      = {2003},
  bibsource = {DBLP, http://dblp.uni-trier.de}
}

@inproceedings{AmannEHF08,
  author    = {Bernhard Amann and
               Benedikt Elser and
               Yaser Houri and
               Thomas Fuhrmann},
  title     = {{IgorFs}: A Distributed {P2P} File System},
  booktitle = {P2P},
  year      = {2008},
  pages     = {77-78},
  ee        = {http://doi.ieeecomputersociety.org/10.1109/P2P.2008.19},
  crossref  = {DBLP:conf/p2p/2008},
  bibsource = {DBLP, http://dblp.uni-trier.de}
}

@proceedings{DBLP:conf/p2p/2008,
  title     = {Proceedings P2P'08, Eighth International Conference on Peer-to-Peer
               Computing, 8-11 September 2008, Aachen, Germany},
  booktitle = {P2P},
  publisher = {IEEE Computer Society},
  year      = {2008},
  isbn      = {978-0-7695-3318-6},
  bibsource = {DBLP, http://dblp.uni-trier.de}
}

@misc{GoodSecurityQuestions,
	author = {Garry Scoville},
	title = {Good Security Questions},
	note = {\url{http://goodsecurityquestions.com/} (19\textsuperscript{th} April, 2012)},
}

@article{Cutillo09a,
  author = {Cutillo, Leucio Antonio and Molva, Refik and Strufe, Thorsten},
  doi = {10.1109/MCOM.2009.5350374},
  journal = {IEEE Communications Magazine},
  number = {12},
  pages = {94--101},
  title = {Safebook: A privacy-preserving online social network leveraging on
           real-life trust},
  volume = {47},
  year = {2009}
}

@inproceedings{IsdalPKA10,
  author    = {Tomas Isdal and
               Michael Piatek and
               Arvind Krishnamurthy and
               Thomas E. Anderson},
  title     = {Privacy-preserving {P2P} data sharing with {OneSwarm}},
  booktitle = {SIG COMM},
  year      = {2010},
  pages     = {111-122},
  ee        = {http://doi.acm.org/10.1145/1851182.1851198},
  crossref  = {DBLP:conf/sigcomm/2010},
  bibsource = {DBLP, http://dblp.uni-trier.de}
}
@proceedings{DBLP:conf/sigcomm/2010,
  title     = {Proceedings of the ACM SIGCOMM 2010 Conference on Applications,
               Technologies, Architectures, and Protocols for Computer
               Communications, New Delhi, India, August 30 -September 3,
               2010},
  booktitle = {SIG COMM},
  publisher = {ACM},
  year      = {2010},
  isbn      = {978-1-4503-0201-2},
  bibsource = {DBLP, http://dblp.uni-trier.de}
}

@article{HerleyO12,
  author    = {Cormac Herley and
               Paul C. van Oorschot},
  title     = {A Research Agenda Acknowledging the Persistence of Passwords},
  journal   = {IEEE Security {\&} Privacy},
  volume    = {10},
  number    = {1},
  year      = {2012},
  pages     = {28-36},
  ee        = {http://doi.ieeecomputersociety.org/10.1109/MSP.2011.150},
  bibsource = {DBLP, http://dblp.uni-trier.de}
}

@misc{WualaFAQ,
	author = { Wuala },
	title = { {FAQ}: Security and Privacy },
	note = {\url{http://www.wuala.com/en/support/faq/c/20} (19\textsuperscript{th} April, 2012)},
	year = {2012}
}

@inproceedings{Rabkin08,
  author    = {Ariel Rabkin},
  title     = {Personal knowledge questions for fallback authentication:
               security questions in the era of {Facebook}},
  booktitle = {SOUPS},
  year      = {2008},
  pages     = {13-23},
  ee        = {http://doi.acm.org/10.1145/1408664.1408667},
  crossref  = {DBLP:conf/soups/2008},
  bibsource = {DBLP, http://dblp.uni-trier.de}
}
@proceedings{DBLP:conf/soups/2008,
  title     = {Proceedings of the 4th Symposium on Usable Privacy and Security,
               SOUPS 2008, Pittsburgh, Pennsylvania, USA, July 23-25, 2008},
  booktitle = {SOUPS},
  publisher = {ACM},
  year      = {2008},
  isbn      = {978-1-60558-276-4},
  bibsource = {DBLP, http://dblp.uni-trier.de}
}

@inproceedings{Brainard06,
  author    = {Brainard, John G. and
               Ari Juels and
               Rivest, Ronald L. and
               Michael Szydlo and
               Moti Yung},
  title     = {Fourth-factor authentication: somebody you know},
  booktitle = {CCS},
  year      = {2006},
  pages     = {168-178},
  ee        = {http://doi.acm.org/10.1145/1180405.1180427},
  crossref  = {DBLP:conf/ccs/2006usa},
  bibsource = {DBLP, http://dblp.uni-trier.de}
}
@proceedings{DBLP:conf/ccs/2006usa,
  title     = {Proceedings of the 13th ACM Conference on Computer and Communications
               Security, CCS 2006, Alexandria, VA, USA, Ioctober 30 - November
               3, 2006},
  booktitle = {CCS},
  publisher = {ACM},
  year      = {2006},
  bibsource = {DBLP, http://dblp.uni-trier.de}
}

@article{Rushinek86,
  author    = {Avi Rushinek and
               Rushinek, Sara F.},
  title     = {What Makes Users Happy?},
  journal   = {Commun. ACM},
  volume    = {29},
  number    = {7},
  year      = {1986},
  pages     = {594-598},
  ee        = {http://doi.acm.org/10.1145/6138.6140},
  bibsource = {DBLP, http://dblp.uni-trier.de}
}

@article{ToliaAS06,
  author    = {Niraj Tolia and
               Andersen, David G. and
               Mahadev Satyanarayanan},
  title     = {Quantifying Interactive User Experience on Thin Clients},
  journal   = {IEEE Computer Society},
  volume    = {39},
  number    = {3},
  year      = {2006},
  pages     = {46-52},
  ee        = {http://doi.ieeecomputersociety.org/10.1109/MC.2006.101},
  bibsource = {DBLP, http://dblp.uni-trier.de}
}

@MISC{Bennett03,
    author = {Krista Bennett and Christian Grothoff and Tzvetan Horozov and J. T. Lindgren},
    title = {An Encoding for Censorship-Resistant Sharing},
    year = {2003},
	url = {https://gnunet.org/svn/GNUnet-docs/WWW/download/ecrs.pdf}
}

@MISC{Clarke10,
	author = {I. Clarke and O. Sandberg and M. Toseland and V. Verendel},
	title = {Private Communication Through a Network of Trusted Connections: The Dark Freenet},
	year = {2010},
	url = {https://freenetproject.org/papers/freenet-0.7.5-paper.pdf}
}
